@inproceedings{wang2014stowage,
  title={The stowage stack minimization problem with zero rehandle constraint},
  author={Wang, Ning and Zhang, Zizhen and Lim, Andrew},
  booktitle={International Conference on Industrial, Engineering and Other Applications of Applied Intelligent Systems},
  pages={456--465},
  year={2014},
  organization={Springer}
}
